<collection xmlns="http://www.loc.gov/MARC21/slim">
<record>
  <leader>01903nam a2200361 a 4500</leader>
  <controlfield tag="001">3210438</controlfield>
  <controlfield tag="007">he amb---bbcp</controlfield>
  <controlfield tag="007">he bmb---baap</controlfield>
  <controlfield tag="008">831124s1895    quc     b     000 0 eng d</controlfield>
  <datafield tag="020" ind1=" " ind2=" ">
    <subfield code="a">066528666X</subfield>
  </datafield>
  <datafield tag="035" ind1=" " ind2=" ">
    <subfield code="a">ocm85748504</subfield>
  </datafield>
  <datafield tag="040" ind1=" " ind2=" ">
    <subfield code="a">CaOOCIHM</subfield>
    <subfield code="b">eng</subfield>
    <subfield code="d">AEU</subfield>
  </datafield>
  <datafield tag="082" ind1="0" ind2=" ">
    <subfield code="a">428.2441</subfield>
    <subfield code="2">19</subfield>
  </datafield>
  <datafield tag="090" ind1=" " ind2=" ">
    <subfield code="a">FC 02 0203 no. 28666</subfield>
    <subfield code="b">AEU</subfield>
  </datafield>
  <datafield tag="100" ind1="1" ind2=" ">
    <subfield code="a">Wright, Alexander</subfield>
  </datafield>
  <datafield tag="245" ind1="1" ind2="0">
    <subfield code="a">English and French manual of conservation</subfield>
    <subfield code="h">[microform] /</subfield>
    <subfield code="c">written by Alexander Wright = Manuel de conversation anglaise et française / écrit par Alexander Wri</subfield>
  </datafield>
<!-- No separator at end of field length=169 -->
  <datafield tag="260" ind1="h" ind2="t">
  </datafield>
<!-- Separator but not at end of field length=59 -->
  <datafield tag="300" ind1="1" ind2="8">
    <subfield code="5">.</subfield>
  </datafield>
<!-- Separator but not at end of field length=28 -->
  <datafield tag="490" ind1="f" ind2="r">
    <subfield code=")">.</subfield>
  </datafield>
<!-- Separator but not at end of field length=83 -->
  <datafield tag="500" ind1="2" ind2="8">
    <subfield code="6">6</subfield>
  </datafield>
<!-- Separator but not at end of field length=154 -->
  <datafield tag="500" ind1="l" ind2="i">
    <subfield code=".">&quot;</subfield>
  </datafield>
<!-- Separator but not at end of field length=192 -->
  <datafield tag="500" ind1="s" ind2="e">
    <subfield code="a">u public canadien.&quot;</subfield>
  </datafield>
<!-- Separator but not at end of field length=52 -->
  <datafield tag="533" ind1="c" ind2="h">
    <subfield code="i">n parallel columns.</subfield>
  </datafield>
<!-- Separator but not at end of field length=171 -->
  <datafield tag="534" ind1=" " ind2="M">
    <subfield code="c">roreproductions</subfield>
  </datafield>
<!-- No separator at end of field length=20 -->
<!-- Bad indicator data. Skipping 1 bytes -->
  <datafield tag="596" ind1="d" ind2="1">
    <subfield code="8">2.</subfield>
  </datafield>
<!-- Bad indicator data. Skipping 1 bytes -->
  <datafield tag="650" ind1=" " ind2=" ">
    <subfield code="e">182 p. ; 22 cm.</subfield>
  </datafield>
<!-- Separator but not at end of field length=61 -->
  <datafield tag="650" ind1=" " ind2="a">
    <subfield code="d"> phrase books</subfield>
    <subfield code="x">English.</subfield>
  </datafield>
<!-- Separator but not at end of field length=61 -->
  <datafield tag="650" ind1="n" ind2=" ">
    <subfield code="n">d phrase books</subfield>
    <subfield code="x">French.</subfield>
  </datafield>
<!-- Separator but not at end of field length=72 -->
  <datafield tag="650" ind1="u" ind2="e">
    <subfield code="s"> de conversation anglais.</subfield>
  </datafield>
<!-- Separator but not at end of field length=72 -->
  <datafield tag="830" ind1="l" ind2="s">
    <subfield code="d">e conversation français.</subfield>
  </datafield>
<!-- Separator but not at end of field length=45 -->
  <datafield tag="949" ind1=" " ind2="m">
    <subfield code="c">rofiche series ;</subfield>
  </datafield>
<!-- No separator at end of field length=22 -->
  <datafield tag="016" ind1="n" ind2="o">
    <subfield code=" ">28666</subfield>
  </datafield>
<!-- Separator but not at end of field length=15 -->
  <datafield tag="926" ind1="A" ind2="H">
    <subfield code="-">MF</subfield>
    <subfield code="z">CIHMMPRE</subfield>
  </datafield>
<!-- Separator but not at end of field length=58 -->
</record>
</collection>
